<?xml version="1.0" encoding="UTF-8"?><collection xmlns="http://www.loc.gov/MARC21/slim"><record><leader>00539nam--2200181-i-4500</leader><controlfield tag="001">000009861</controlfield><controlfield tag="002">20161230</controlfield><controlfield tag="005">20161230201028</controlfield><controlfield tag="008">060222s1000------------r-----000-0-eng-d</controlfield><datafield ind1=" " ind2=" " tag="040"><subfield code="a">IFIN-HH</subfield></datafield><datafield ind1=" " ind2=" " tag="080"><subfield code="a">539.12</subfield></datafield><datafield ind1="1" ind2=" " tag="100"><subfield code="a">Simmons, W.A</subfield></datafield><datafield ind1="1" ind2="0" tag="245"><subfield code="a">Proceedings of the hawaii topical conference in particle physics (1969)</subfield><subfield code="c">W.a. simmons, s.f. tuan (eds.)</subfield></datafield><datafield ind1=" " ind2=" " tag="260"><subfield code="a">Los Angeles, California</subfield><subfield code="b">Western Periodicals Company</subfield><subfield code="c">1969</subfield></datafield><datafield ind1=" " ind2=" " tag="300"><subfield code="a">169P</subfield></datafield><datafield ind1="1" ind2=" " tag="700"><subfield code="a">Tuan, S.F</subfield><subfield code="e">Ed</subfield></datafield><datafield ind1=" " ind2=" " tag="852"><subfield code="a">36129</subfield><subfield code="c">539.12</subfield></datafield><datafield ind1=" " ind2=" " tag="CAT"><subfield code="a">Sys</subfield><subfield code="c">20111122</subfield><subfield code="h">131948</subfield></datafield></record></collection>